<record><leader>00000cas a22000007a 4500</leader><controlfield tag="001">15090805</controlfield><controlfield tag="008">870120d192219uumsuwr ne      0    0eng d</controlfield><datafield ind1=" " ind2=" " tag="010"><subfield code="a">sn 88067036 </subfield></datafield><datafield ind1=" " ind2=" " tag="040"><subfield code="a">MJA</subfield><subfield code="b">eng</subfield><subfield code="c">MJA</subfield><subfield code="d">MSJ</subfield><subfield code="d">OCLCQ</subfield><subfield code="d">OCLCF</subfield><subfield code="d">OCLCO</subfield></datafield><datafield ind1="1" ind2=" " tag="029"><subfield code="a">AU@</subfield><subfield code="b">000025827384</subfield></datafield><datafield ind1=" " ind2=" " tag="042"><subfield code="a">msc</subfield></datafield><datafield ind1=" " ind2=" " tag="043"><subfield code="a">n-us-ms</subfield></datafield><datafield ind1="0" ind2=" " tag="130"><subfield code="a">Woman voter (Clarksdale, Miss.)</subfield></datafield><datafield ind1="1" ind2="4" tag="245"><subfield code="a">The Woman voter.</subfield></datafield><datafield ind1=" " ind2=" " tag="260"><subfield code="a">Clarksdale, Miss. :</subfield><subfield code="b">[s.n.],</subfield><subfield code="c">1922-</subfield></datafield><datafield ind1=" " ind2=" " tag="300"><subfield code="a">v.</subfield></datafield><datafield ind1=" " ind2=" " tag="310"><subfield code="a">Weekly</subfield></datafield><datafield ind1="0" ind2=" " tag="362"><subfield code="a">Vol. 1, no. 1 (Aug. 3, 1922)-</subfield></datafield><datafield ind1=" " ind2="0" tag="650"><subfield code="a">Women</subfield><subfield code="x">Suffrage</subfield><subfield code="z">Mississippi</subfield><subfield code="v">Newspapers.</subfield></datafield><datafield ind1=" " ind2="0" tag="650"><subfield code="a">Women's rights</subfield><subfield code="z">Mississippi</subfield><subfield code="v">Newspapers.</subfield></datafield><datafield ind1=" " ind2="7" tag="655"><subfield code="a">Newspapers.</subfield><subfield code="2">fast</subfield><subfield code="0">(OCoLC)fst01423814</subfield></datafield><datafield ind1=" " ind2="7" tag="650"><subfield code="a">Women</subfield><subfield code="x">Suffrage.</subfield><subfield code="2">fast</subfield><subfield code="0">(OCoLC)fst01176996</subfield></datafield><datafield ind1=" " ind2="7" tag="650"><subfield code="a">Women's rights.</subfield><subfield code="2">fast</subfield><subfield code="0">(OCoLC)fst01178818</subfield></datafield><datafield ind1=" " ind2="7" tag="651"><subfield code="a">Mississippi.</subfield><subfield code="2">fast</subfield><subfield code="0">(OCoLC)fst01207034</subfield></datafield><datafield ind1="1" ind2=" " tag="700"><subfield code="a">Brewer, Winnie.</subfield></datafield><datafield ind1=" " ind2=" " tag="752"><subfield code="a">United States</subfield><subfield code="b">Mississippi</subfield><subfield code="c">Coahoma</subfield><subfield code="d">Clarksdale.</subfield></datafield></record>